This file was created with JabRef 1.8.1.
Encoding: UTF8

@thesis{kretzschmar,
author = {Christoph Kretzschmar},
title = {Demonstration eines RESTful Webservices am Beispiel eines
Schachservers},
type = {Bachelor},
institution = {Hochschule f√ºr Technik und Wirtschaft Dresden},
year = {2015}
}
